@ARTICLE{9353517,
  author={Gonzalez-Barahona, Jesus M.},
  journal={Computer}, 
  title={A Brief History of Free, Open Source Software and Its Communities}, 
  year={2021},
  volume={54},
  number={2},
  pages={75-79},
  keywords={Open source software;Licenses;Internet},
  doi={10.1109/MC.2020.3041887}}

  @book{poole2005internet,
  title={The Internet: A Historical Encyclopedia},
  author={Poole, H.W. and Lambert, L. and Woodford, C. and Moschovitis, C.J.P.},
  number={sv. 2},
  isbn={9781851096596},
  lccn={2005022156},
  series={The Internet: A Historical Encyclopedia},
  url={https://books.google.cz/books?id=qi-ItIG6QLwC},
  year={2005},
  publisher={ABC-CLIO}
}


@misc{kuhn2003,
  author       = {Kuhn, Bradley M.},
  year         = {2003},
  title        = {{GNU Bulletin}},
  howpublished = {\url{https://www.gnu.org/bulletins/bulletin-002.html}},
}

@article{grass,
author = {Mitasova, Helena and Neteler, Markus},
title = {GRASS as Open Source Free Software GIS: Accomplishments and Perspectives},
journal = {Transactions in GIS},
volume = {8},
number = {2},
pages = {145-154},
doi = {https://doi.org/10.1111/j.1467-9671.2004.00172.x},
url = {https://onlinelibrary.wiley.com/doi/abs/10.1111/j.1467-9671.2004.00172.x},
year = {2004}
}

@online{assay2017,
  author       = {Assay, Matt},
  year         = {2017},
  title        = {Why Microsoft and Google are now leading the open source revolution},
  url          = {https://www.techrepublic.com/article/why-microsoft-and-google-are-now-leading-the-ope},
  note         = {Accessed: 2024-11-14}
}

@online{slideshareFOSS,
  author       = {Malliga, P.},
  title        = {FOSS Presentation},
  year         = {n.d.},
  url          = {https://www.slideshare.net/slideshow/foss-72628175/72628175#34},
  note         = {Accessed: 2024-11-14}
}


